<?xml version='1.0' encoding='UTF-8'?>
<record xmlns="http://www.loc.gov/MARC21/slim">
  <leader>00642cam a22001935  4500</leader>
  <controlfield tag="001">1582360</controlfield>
  <controlfield tag="003">NjP</controlfield>
  <controlfield tag="005">20170217173809.0</controlfield>
  <controlfield tag="008">960104s1965    iq            000 0 araod</controlfield>
  <datafield tag="024" ind1="7" ind2=" ">
    <subfield code="a">princeton_aco001576</subfield>
    <subfield code="2">local</subfield>
  </datafield>
  <datafield ind1=" " ind2=" " tag="035">
    <subfield code="a">(OCoLC)ocm33990694</subfield>
  </datafield>
  <datafield ind1=" " ind2=" " tag="035">
    <subfield code="9">CEZ0391TS</subfield>
  </datafield>
  <datafield ind1=" " ind2=" " tag="040">
    <subfield code="a">CUY</subfield>
    <subfield code="c">CUY</subfield>
    <subfield code="d">PUL</subfield>
  </datafield>
  <datafield ind1="2" ind2=" " tag="100">
    <subfield code="a">Ibn Ṭāwūs, ʻAlī ibn Mūsá,</subfield>
    <subfield code="d">1193-1266.</subfield>
    <subfield code="0">http://id.loc.gov/authorities/names/nr89015361</subfield>
  </datafield>
  <datafield ind1="1" ind2="0" tag="245">
    <subfield code="a">Falāḥ al-sāʾil.</subfield>
  </datafield>
  <datafield ind1=" " ind2=" " tag="260">
    <subfield code="c">1965.</subfield>
  </datafield>
  <datafield ind1=" " ind2=" " tag="300">
    <subfield code="a">291 p.</subfield>
  </datafield>
  <datafield ind1=" " ind2="0" tag="650">
    <subfield code="a">Religious life</subfield>
    <subfield code="x">Shīʻah.</subfield>
    <subfield code="0">http://id.loc.gov/authorities/subjects/sh85112676</subfield>
  </datafield>
  <datafield ind1=" " ind2=" " tag="947">
    <subfield code="a">CEZ0391</subfield>
  </datafield>
  <datafield ind1=" " ind2=" " tag="911">
    <subfield code="a">20000130</subfield>
  </datafield>
  <datafield ind1="0" ind2="0" tag="852">
    <subfield code="0">1820930</subfield>
    <subfield code="b">nec</subfield>
    <subfield code="t">0</subfield>
    <subfield code="h">BP194.7</subfield>
    <subfield code="i">.I268 1965</subfield>
  </datafield>
  <datafield ind1=" " ind2=" " tag="959">
    <subfield code="a">2000-06-13 00:00:00 -0400</subfield>
  </datafield>
</record>
